<record><leader>00000cas a2200000 a 4500</leader><controlfield tag="001">43603364</controlfield><controlfield tag="008">000309c19999999cauwr ne      0   f0araoc</controlfield><datafield ind1=" " ind2=" " tag="010"><subfield code="a">   00212279 </subfield></datafield><datafield ind1=" " ind2=" " tag="040"><subfield code="a">NSD</subfield><subfield code="b">eng</subfield><subfield code="c">NSD</subfield><subfield code="d">CLU</subfield><subfield code="d">NSD</subfield><subfield code="d">OCLCQ</subfield><subfield code="d">OCLCF</subfield><subfield code="d">OCLCO</subfield><subfield code="d">OCLCQ</subfield></datafield><datafield ind1=" " ind2=" " tag="012"><subfield code="j">0</subfield><subfield code="m">1</subfield></datafield><datafield ind1=" " ind2=" " tag="019"><subfield code="a">926247337</subfield></datafield><datafield ind1="1" ind2=" " tag="022"><subfield code="a">1529-0670</subfield><subfield code="l">1529-0670</subfield><subfield code="2">1</subfield></datafield><datafield ind1="1" ind2=" " tag="029"><subfield code="a">AU@</subfield><subfield code="b">000021430340</subfield></datafield><datafield ind1=" " ind2=" " tag="032"><subfield code="a">009194</subfield><subfield code="b">USPS</subfield></datafield><datafield ind1=" " ind2=" " tag="037"><subfield code="b">Anba al-Arab Pub. Co., P.O. Box 251616, Glendale, CA 91225-1616</subfield></datafield><datafield ind1="0" ind2=" " tag="041"><subfield code="a">ara</subfield><subfield code="a">eng</subfield></datafield><datafield ind1=" " ind2=" " tag="042"><subfield code="a">nsdp</subfield><subfield code="a">pcc</subfield></datafield><datafield ind1=" " ind2=" " tag="043"><subfield code="a">n-us-ca</subfield></datafield><datafield ind1="1" ind2="4" tag="050"><subfield code="a">F868.L8</subfield><subfield code="b">A53</subfield></datafield><datafield ind1="0" ind2=" " tag="130"><subfield code="a">&#699;Arab (Glendale, Calif.)</subfield></datafield><datafield ind1=" " ind2="4" tag="222"><subfield code="a">al-&#699;Arab</subfield><subfield code="b">(Glendale, Calif.)</subfield></datafield><datafield ind1="1" ind2="4" tag="245"><subfield code="a">al-&#699;Arab.</subfield></datafield><datafield ind1="1" ind2="3" tag="246"><subfield code="a">AlArab</subfield></datafield><datafield ind1="1" ind2=" " tag="246"><subfield code="i">Issues for Oct. 21-Nov. 9, 1999 have running title:</subfield><subfield code="a">Anba al Arab</subfield></datafield><datafield ind1=" " ind2=" " tag="260"><subfield code="a">Glendale, CA :</subfield><subfield code="b">[Anba al-Arab Pub. Co.],</subfield><subfield code="c">[1999]-</subfield></datafield><datafield ind1=" " ind2=" " tag="300"><subfield code="a">volumes :</subfield><subfield code="b">illustrations ;</subfield><subfield code="c">44 cm</subfield></datafield><datafield ind1=" " ind2=" " tag="310"><subfield code="a">Weekly</subfield></datafield><datafield ind1=" " ind2=" " tag="336"><subfield code="a">text</subfield><subfield code="b">txt</subfield><subfield code="2">rdacontent</subfield></datafield><datafield ind1=" " ind2=" " tag="337"><subfield code="a">unmediated</subfield><subfield code="b">n</subfield><subfield code="2">rdamedia</subfield></datafield><datafield ind1=" " ind2=" " tag="338"><subfield code="a">volume</subfield><subfield code="b">nc</subfield><subfield code="2">rdacarrier</subfield></datafield><datafield ind1="0" ind2=" " tag="362"><subfield code="a">Vol. 10, no. 318 (Oct. 21, 1999)-</subfield></datafield><datafield ind1=" " ind2=" " tag="546"><subfield code="a">Arabic; with some English.</subfield></datafield><datafield ind1=" " ind2=" " tag="588"><subfield code="a">Latest issue consulted: Vol. 11, no. 345 (Apr. 27, 2000).</subfield></datafield><datafield ind1=" " ind2="0" tag="650"><subfield code="a">Arab Americans</subfield><subfield code="z">California</subfield><subfield code="v">Newspapers.</subfield></datafield><datafield ind1=" " ind2="0" tag="651"><subfield code="a">Los Angeles County (Calif.)</subfield><subfield code="v">Newspapers.</subfield></datafield><datafield ind1=" " ind2="7" tag="650"><subfield code="a">Arab Americans.</subfield><subfield code="2">fast</subfield><subfield code="0">(OCoLC)fst00812200</subfield></datafield><datafield ind1=" " ind2="7" tag="651"><subfield code="a">California.</subfield><subfield code="2">fast</subfield><subfield code="0">(OCoLC)fst01204928</subfield></datafield><datafield ind1=" " ind2="7" tag="651"><subfield code="a">California</subfield><subfield code="z">Los Angeles County.</subfield><subfield code="2">fast</subfield><subfield code="0">(OCoLC)fst01205194</subfield></datafield><datafield ind1=" " ind2="7" tag="655"><subfield code="a">Newspapers.</subfield><subfield code="2">fast</subfield><subfield code="0">(OCoLC)fst01423814</subfield></datafield><datafield ind1=" " ind2=" " tag="752"><subfield code="a">United States</subfield><subfield code="b">California</subfield><subfield code="c">Los Angeles</subfield><subfield code="d">Glendale.</subfield></datafield><datafield ind1="0" ind2="0" tag="780"><subfield code="t">Anba al Arab</subfield><subfield code="x">1066-2820</subfield><subfield code="w">(DLC)sn 92006609</subfield><subfield code="w">(OCoLC)26971087</subfield></datafield></record>